<record><leader>00000cas a2200000 a 4500</leader><controlfield tag="001">11667396</controlfield><controlfield tag="008">850207d18861887ksuwr ne      0   a0eng d</controlfield><datafield ind1=" " ind2=" " tag="010"><subfield code="a">sn 85030909 </subfield></datafield><datafield ind1=" " ind2=" " tag="040"><subfield code="a">KSH</subfield><subfield code="b">eng</subfield><subfield code="c">KSH</subfield><subfield code="d">NPT</subfield><subfield code="d">OCL</subfield><subfield code="d">OCLCQ</subfield></datafield><datafield ind1=" " ind2=" " tag="042"><subfield code="a">msc</subfield></datafield><datafield ind1="0" ind2="0" tag="245"><subfield code="a">Wellsford republican.</subfield></datafield><datafield ind1=" " ind2=" " tag="260"><subfield code="a">Wellsford, Kan. :</subfield><subfield code="b">W.H. Hollis,</subfield><subfield code="c">1886-</subfield></datafield><datafield ind1=" " ind2=" " tag="300"><subfield code="a">v. ;</subfield><subfield code="c">60 cm.</subfield></datafield><datafield ind1=" " ind2=" " tag="310"><subfield code="a">Weekly</subfield></datafield><datafield ind1="0" ind2=" " tag="362"><subfield code="a">Vol. 1, no. 1 (Aug. 20, 1886)-</subfield></datafield><datafield ind1="1" ind2=" " tag="362"><subfield code="a">Ceased with Feb. 25, 1887 issue?</subfield></datafield><datafield ind1=" " ind2=" " tag="500"><subfield code="a">Includes supplements.</subfield></datafield><datafield ind1=" " ind2=" " tag="752"><subfield code="a">United States</subfield><subfield code="b">Kansas</subfield><subfield code="c">Kiowa</subfield><subfield code="d">Wellsford.</subfield></datafield><datafield ind1="0" ind2="0" tag="780"><subfield code="t">Democrat and watchman</subfield><subfield code="w">(DLC)sn 85030878</subfield></datafield></record>